@BOOK{dtmf,
    author       = {Л.М. Невдяев.},
    title        = {Телекоммуникационные технологии. Англо-русский толковый словарь-справочник.},
    address      = {Москва},
    publisher    = {Под редакцией Ю.М. Горностаева. },
    year         = {2002},
    language     = {russian},
}
@BOOK{ivr,
    author       = {Б. С. Гольдштейн, В. А. Фрейнкман},
    title        = {Call-центры и компьютерная телефония},
    address      = {Санкт-Петербург},
    publisher    = {БХВ},
    year         = {2002},
    language     = {russian},
}
@BOOK{recognize_voice,
    author       = {Ю. Н . Матвеев},
    title        = {Технологии биометрической идентификации личности по голосу и другим модальностям},
    publisher    = {Вестник МГТУ им. Н. Э. Баумана. Сер. <<Приборостроение>>},
    year         = {2012},
    language     = {russian},
}
@BOOK{cpp,
    author       = {Бьерн Страуструп},
    title        = {Язык программирования С++ },
    publisher    = {Addison-Wesley},
    year         = {2012},
    language     = {russian},
}

@ARTICLE{nginx,
    title        = {nginx},
    journal      = {URL~https://nginx.org/ru/
                    \mbox{(дата~обращения}:~14.05.201)9},
    language     = {russian}
}

@INPROCEEDINGS{kaldi,
    author       = {Povey, Daniel and Ghoshal, Arnab and Boulianne, Gilles and Burget, Lukas and Glembek, Ondrej and Goel, Nagendra and Hannemann, Mirko and Motlicek, Petr and Qian, Yanmin and Schwarz, Petr and Silovsky, Jan and Stemmer, Georg and Vesely, Karel},
    keywords     = {ASR, Automatic Speech Recognition, GMM, HTK, SGMM},
    month        = dec,
    title        = {The Kaldi Speech Recognition Toolkit},
    booktitle    = {IEEE 2011 Workshop on Automatic Speech Recognition and Understanding},
    year         = {2011},
    publisher    = {IEEE Signal Processing Society},
    location     = {Hilton Waikoloa Village, Big Island, Hawaii, US},
    note         = {IEEE Catalog No.: CFP11SRW-USB},
}

@ARTICLE{cmake,
    title        = {Введение в CMake},
    journal      = {URL~https://habr.com/ru/post/155467/
                    \mbox{(дата~обращения:~14.05.2019)}},
    language     = {russian}
}

@ARTICLE{sphinx,
    title        = {CMUSphinx Open Source Speech Recognition},
    journal      = {URL~https://cmusphinx.github.io/
    \mbox{(дата~обращения:~15.05.2019)}},
    language     = {russian}
}

@ARTICLE{audio,
    title        = {Подробнее об аудио форматах},
    journal      = {\linebreak URL~\mbox{https://online-audio-converter.com/ru/help/audio\_formats}
                    \mbox{(дата~обращения:~15.05.2019)}},
    language     = {russian}
}

@ARTICLE{pcm,
    title        = {PCM},
    journal      = {URL~\mbox{http://xgu.ru/wiki/PCM}
                    \mbox{(дата~обращения:~15.05.2019)}},
    language     = {russian}
}
@ARTICLE{http,
    title        = {Лекция 4. Протокол HTTP},
    journal      = {\linebreak URL~\mbox{http://www.4stud.info/web-programming/protocol-http.html}
                    \mbox{(дата~обращения:~15.05.2019)}},
    language     = {russian}
}
@ARTICLE{linux,
    title        = {Linux},
    journal      = {URL~\mbox{https://www.securitylab.ru/news/tags/Linux/}
                    \mbox{(дата~обращения:~8.06.2019)}},
    language     = {russian}
}
@ARTICLE{systemd,
    title        = {ru/Systemd~--~Debian Wiki},
    journal      = {URL~\mbox{https://wiki.debian.org/ru/Systemd}
                    \mbox{(дата~обращения:~8.06.2019)}},
    language     = {russian}
}
@ARTICLE{git,
    title        = {Система контроля версий GIT: что это такое?},
    journal      = {URL~\mbox{https://seo.ru/blog/chto-takoe-git/}
                    \mbox{(дата~обращения:~8.06.2019)}},
    language     = {russian}
}
@ARTICLE{docker,
    title        = {Что такое Docker?},
    journal      = {URL~\mbox{https://aws.amazon.com/ru/docker/}
                    \mbox{(дата~обращения:~8.06.2019)}},
    language     = {russian}
}
@ARTICLE{atlas,
    title        = {Automatically Tuned Linear Algebra Software (ATLAS)},
    journal      = {URL~\mbox{math-atlas.sourceforge.net/}
                    \mbox{(дата~обращения:~8.06.2019)}},
    language     = {russian}
}
@ARTICLE{bison,
    title        = {Bison-Генератор синтаксических анализаторов, совмместимый с YACC},
    journal      = {URL~\mbox{https://www.opennet.ru/docs/RUS/bison\_yacc/}
                    \mbox{(дата~обращения:~8.06.2019)}},
    language     = {russian}
}
@ARTICLE{autoconf,
    title        = {Autoconf: Autoconf},
    journal      = {URL~\mbox{http://alexott.net/ru/oss/autoconf/autoconf-ru.html}
                    \mbox{(дата~обращения:~8.06.2019)}},
    language     = {russian}
}
@ARTICLE{swig,
    title        = {Simplified Wrapper nad Interface Generator},
    journal      = {URL~\mbox{http://www.swig.org/}
                    \mbox{(дата~обращения:~8.06.2019)}},
    language     = {russian}
}
@ARTICLE{jsgf,
    title        = {JSGF~---~Call Office Wiki},
    journal      = {URL~\mbox{http://wiki.calloffice.ru/index.php/JSGF}
                    \mbox{(дата~обращения:~10.06.2019)}},
    language     = {russian}
}
@ARTICLE{curl,
    title        = {curl},
    journal      = {URL~\mbox{https://curl.haxx.se/}
                    \mbox{(дата~обращения:~11.06.2019)}},
    language     = {russian}
}
